%Example on how to write a source when the source is an article. 
%@article{einstein,
  %   author =       "Albert Einstein",
  %  title =        "{Zur Elektrodynamik bewegter K{\"o}rper}. ({German})
  % [{On} the electrodynamics of moving bodies]",
  %  journal =      "Annalen der Physik",
  %  volume =       "322",
  %  number =       "10",
  %  pages =        "891--921",
  %  year =         "1905",
  % DOI =          "http://dx.doi.org/10.1002/andp.19053221004",
  %  keywords =     "physics"
%}

%How to write a source when the source is a book 
%@book{dirac,
 %   title={The Principles of Quantum Mechanics},
 %   author={Paul Adrien Maurice Dirac},
 %   isbn={9780198520115},
 %   series={International series of monographs on physics},
 %   year={1981},
 %   publisher={Clarendon Press},
 %   keywords = {physics}
%}

% How to write a source when the source is online 
%@online{knuthwebsite,
%    author    = "Donald Knuth",
%    title     = "Knuth: Computers and Typesetting",
%    url       = "http://www-cs-faculty.stanford.edu/~uno/abcde.html",
%    keywords  = "latex,knuth"
%}

%How to write a source when the source is something. 
%@inbook{knuth-fa,
%    author = "Donald E. Knuth",
%    title = "Fundamental Algorithms",
%    publisher = "Addison-Wesley",
%    year = "1973",
%    chapter = "1.2",
%   keywords  = "knuth,programming"
%}

@online{nbimwebsite,
    author    = "NBIM",
    year      = "",
    title     = "Homepage",
    Year      = "2023",
    url       = "https://www.nbim.no/",
   addendum = "(Last accessed: 17.01.2023)"
}

@online{nbimattacks,
    author    = "NTB",
    year      = "2022",
    title     = "Oljefondet utsettes for tre alvorlige dataangrep daglig",
    url       = "https://www.digi.no/artikler/oljefondet-utsettes-for-tre-alvorlige-dataangrep-daglig/521643",
    addendum = "(Last accessed: 17.01.2023)"
}

@online{sdlc,
    author    = "snyk.io",
    title     = "Secure Software Development Lifecycle (SSDLC)",
    url       = "https://snyk.io/learn/secure-sdlc/",
    year      = "2023",
    addendum = "(Last accessed: 17.01.2023)"
}

@online{overleaf,
    author    = "NTNU",
    title     = "Overleaf",
    url       = "https://i.ntnu.no/wiki/-/wiki/Norsk/Overleaf",
    year      = "2023",
   addendum = "(Last accessed: 17.01.2023)"
}

@online{risk-matrix,
    author      = "NTNU",
    title       = "Matrix for risk assessments at NTNU",
    url         = "https://www.ntnu.no/hms/retningslinjer/HMSRV2604_Risikomatrise_100209.pdf",
    year        = "2013",
  addendum = "(Last accessed: 17.01.2023)"
}

@online{The-Secure-Software-Supply-Chain,
    author      = "Kelsey Hightower",
    title       = "The Secure Software Supply Chain by Kelsey Hightower (Strange Loop 2022)",
    url         = "https://www.youtube.com/watch?v=JC-xCXcyNXI&ab_channel=StrangeLoopConference",
    year        = "2022",
    addendum = "(Last accessed: 17.01.2023)"
}

@online{sdlc,
    author      = "divyanshu_gupta1",
    title       = "Software Development Life Cycle (SDLC)",
    url         = "https://www.geeksforgeeks.org/software-development-life-cycle-sdlc/",
    year        = "2021",
   addendum = "(Last accessed: 17.01.2023)"
}

@online{scrum,
    author      = "digite.com",
    title       = "What Is Scrum Methodology? & Scrum Project Management",
    url         = "https://www.digite.com/agile/scrum-methodology/",
    year        = "2023",
   addendum = "(Last accessed: 25.01.2023)"
}

@online{scrumroles,
    author      = "Dave West",
    title       = "Agile scrum roles and responsibilities",
    url         = "https://www.atlassian.com/agile/scrum/roles",
    year        = "2023",
   addendum = "(Last accessed: 25.01.2023)"
}


