%Example on how to write a source when the source is an article. 
%@article{einstein,
  %   author =       "Albert Einstein",
  %  title =        "{Zur Elektrodynamik bewegter K{\"o}rper}. ({German})
  % [{On} the electrodynamics of moving bodies]",
  %  journal =      "Annalen der Physik",
  %  volume =       "322",
  %  number =       "10",
  %  pages =        "891--921",
  %  year =         "1905",
  % DOI =          "http://dx.doi.org/10.1002/andp.19053221004",
  %  keywords =     "physics"
%}

%How to write a source when the source is a book 
%@book{dirac,
 %   title={The Principles of Quantum Mechanics},
 %   author={Paul Adrien Maurice Dirac},
 %   isbn={9780198520115},
 %   series={International series of monographs on physics},
 %   year={1981},
 %   publisher={Clarendon Press},
 %   keywords = {physics}
%}

% How to write a source when the source is online 
%@online{knuthwebsite,
%    author    = "Donald Knuth",
%    title     = "Knuth: Computers and Typesetting",
%    url       = "http://www-cs-faculty.stanford.edu/~uno/abcde.html",
%    keywords  = "latex,knuth"
%}

%How to write a source when the source is something. 
%@inbook{knuth-fa,
%    author = "Donald E. Knuth",
%    title = "Fundamental Algorithms",
%    publisher = "Addison-Wesley",
%    year = "1973",
%    chapter = "1.2",
%   keywords  = "knuth,programming"
%}

@online{nbimwebsite,
    author    = "NBIM",
    year      = "",
    title     = "Homepage",
    Year      = "2023",
    url       = "https://www.nbim.no/",
   addendum = "(Last accessed: 17.01.2023)"
}

@online{nbimattacks,
    author    = "NTB",
    year      = "2022",
    title     = "Oljefondet utsettes for tre alvorlige dataangrep daglig",
    url       = "https://www.digi.no/artikler/oljefondet-utsettes-for-tre-alvorlige-dataangrep-daglig/521643",
    addendum = "(Last accessed: 17.01.2023)"
}

@online{sdlc,
    author    = "Snyk.io",
    title     = "Secure Software Development Lifecycle (SSDLC)",
    url       = "https://snyk.io/learn/secure-sdlc/",
    year      = "2023",
    addendum = "(Last accessed: 17.01.2023)"
}

@online{overleaf,
    author    = "NTNU",
    title     = "Overleaf",
    url       = "https://i.ntnu.no/wiki/-/wiki/Norsk/Overleaf",
    year      = "2023",
   addendum = "(Last accessed: 17.01.2023)"
}

@online{risk-matrix,
    author      = "NTNU",
    title       = "Matrix for risk assessments at NTNU",
    url         = "https://www.ntnu.no/hms/retningslinjer/HMSRV2604_Risikomatrise_100209.pdf",
    year        = "2013",
  addendum = "(Last accessed: 17.01.2023)"
}

@online{The-Secure-Software-Supply-Chain,
    author      = "Kelsey Hightower",
    title       = "The Secure Software Supply Chain by Kelsey Hightower (Strange Loop 2022)",
    url         = "https://www.youtube.com/watch?v=JC-xCXcyNXI&ab_channel=StrangeLoopConference",
    year        = "2022",
    addendum = "(Last accessed: 17.01.2023)"
}

@online{sdlc,
    author      = "divyanshu_gupta1",
    title       = "Software Development Life Cycle (SDLC)",
    url         = "https://www.geeksforgeeks.org/software-development-life-cycle-sdlc/",
    year        = "2021",
   addendum = "(Last accessed: 17.01.2023)"
}

@online{scrum,
    author      = "digite.com",
    title       = "What Is Scrum Methodology? & Scrum Project Management",
    url         = "https://www.digite.com/agile/scrum-methodology/",
    year        = "2023",
   addendum = "(Last accessed: 25.01.2023)"
}

@online{scrumroles,
    author      = "Dave West",
    title       = "Agile scrum roles and responsibilities",
    url         = "https://www.atlassian.com/agile/scrum/roles",
    year        = "2023",
   addendum = "(Last accessed: 25.01.2023)"
}

@online{blackbox,
    author      = "Thomas Hamilton",
    title       = "What is BLACK Box Testing? Techniques, Types & Example",
    url         = "https://www.guru99.com/black-box-testing.html",
    year        = "2023",
   addendum = "(Last accessed: 06.02.2023)"
}

@online{sast,
    author      = "Synopsys",
    title       = "Static Application Security Testing",
    url         = "https://www.synopsys.com/glossary/what-is-sast.html",
    year        = "2023",
   addendum = "(Last accessed: 06.02.2023)"
}

@online{dast,
    author      = "Synopsys",
    title       = "Dast",
    url         = "https://www.synopsys.com/glossary/what-is-dast.html",
    year        = "2023",
   addendum = "(Last accessed: 06.02.2023)"
}

@online{sca,
    author      = "Synopsys",
    title       = "Software Composition Analysis",
    url         = "https://www.synopsys.com/glossary/what-is-software-composition-analysis.html",
    year        = "2023",
   addendum = "(Last accessed: 06.02.2023)"
}

@online{greybox,
    author      = "Adam Murray",
    title       = "Gray Box Testing Guide",
    url         = "https://www.mend.io/resources/blog/gray-box-testing/",
    year        = "2021",
   addendum = "(Last accessed: 06.02.2023)"
}

@online{astra,
    author      = "Suphi Cankurt",
    title       = "Astra Security - Pentest Platform",
    url         = "https://www.appsecsanta.com/astra-security",
    year        = "2022",
   addendum = "(Last accessed: 08.02.2023)"
}

@online{snyk,
    author      = "Ashutosh Krishna",
    title       = "How to Find and Fix Security Vulnerabilities Using Snyk",
    url         = "https://www.freecodecamp.org/news/how-to-find-and-fix-security-vulnerabilities-using-snyk/",
    year        = "2022",
   addendum = "(Last accessed: 08.02.2023)"
}

@online{mend,
    author      = "AWS Marketplace",
    title       = "Mend (Formerly WhiteSource) - Application Security Platform",
    url         = "https://aws.amazon.com/marketplace/pp/prodview-yinerd2u4nhw4",
    year        = "",
   addendum = "(Last accessed: 08.02.2023)"
}

@online{whitebox,
    author      = "Thomas Hamilton",
    title       = "White Box Testing â€“ What is, Techniques, Example & Types",
    url         = "https://www.guru99.com/white-box-testing.html",
    year        = "2023",
   addendum = "(Last accessed: 09.02.2023)"
}

@online{aws,
    author      = "Nick Barney",
    title       = "Amazon Web Services (AWS)",
    url         = "https://www.techtarget.com/searchaws/definition/Amazon-Web-Services",
    year        = "2022",
   addendum = "(Last accessed: 09.02.2023)"
}

@online{github,
    author      = "Jamie Juviler",
    title       = "What Is GitHub? (And What Is It Used For?)",
    url         = "https://blog.hubspot.com/website/what-is-github-used-for",
    year        = "2022",
   addendum = "(Last accessed: 09.02.2023)"
}

@online{sdlc,
    author      = "Synposys",
    title       = "Software Development Lifecycle",
    url         = "https://www.synopsys.com/glossary/what-is-sdlc.html",
    year        = "2023",
   addendum = "(Last accessed: 09.02.2023)"
}


@online{MaintenanceSDLC,
    author      = "Crystal Chilman",
    title       = "Understanding the Maintenance Phase of the SDLC",
    url         = "https://study.com/learn/lesson/maintenance-phase-sdlc-overview-outcomes.html",
    year        = "2023",
   addendum = "(Last accessed: 21.02.2023)"
}


@online{DeploymentSDLC,
    author      = "Noel Ramson",
    title       = "Deployment Phase in SDLC",
    url         = "https://study.com/academy/lesson/deployment-phase-in-sdlc.html",
    year        = "2021",
   addendum = "(Last accessed: 21.02.2023)"
}


@online{TestingSDLC,
    author      = "Noel Ramson",
    title       = "Testing Phase in SDLC",
    url         = "https://study.com/academy/lesson/testing-phase-in-sdlc.html",
    year        = "2021",
   addendum = "(Last accessed: 21.02.2023)"
}


@online{ImplementationSDLC,
    author      = "Michigan Tech",
    title       = "Testing Phase in SDLC",
    url         = "https://www.mtu.edu/it/security/policies-procedures-guidelines/information-security-program/system-development-lifecycle/",
    year        = "2016",
   addendum = "(Last accessed: 21.02.2023)"
}


@online{DesignSDLC,
    author      = "Oleksii Kovalenko",
    title       = "SDLC Design Phase: Definition, Activities, Goals",
    url         = "https://idapgroup.com/blog/sdlc-design-phase/",
    year        = "2023",
   addendum = "(Last accessed: 21.02.2023)"
}


@online{PlanningSDLC,
    author      = "Julia Martyniuk",
    title       = "Software Development Lifecycle: Stages, Methodologies & Tools",
    url         = "https://devoxsoftware.com/blog/software-development-lifecycle/",
    year        = "2022",
   addendum = "(Last accessed: 21.02.2023)"
}


@online{RequirementsSDLC,
    author      = "Francesco Consiglio",
    title       = "Secure Softeare Development Life cycle requirements phase",
    url         = "https://www.advantio.com/blog/secure-sdlc-requirements-phase",
    year        = "2021",
   addendum = "(Last accessed: 21.02.2023)"
}



@online{GithubDependabot1,
    author      = "Badsah",
    title       = "One important feature that Dependabot is missing",
    url         = "https://badshah.io/important-dependabot-feature/",
    year        = "2022",
   addendum = "(Last accessed: 21.02.2023)"
}


@online{GithubDependabot2,
    author      = "Github",
    title       = "Kepping your supplychain up to date with Dependabot",
    url         = "https://docs.github.com/en/code-security/dependabot",
    year        = "2023",
   addendum = "(Last accessed: 21.02.2023)"
}


@online{GithubCodeScanning,
    author      = "Github",
    title       = "About code scanning",
    url         = "https://docs.github.com/en/code-security/code-scanning/automatically-scanning-your-code-for-vulnerabilities-and-errors/about-code-scanning",
    year        = "2023",
   addendum = "(Last accessed: 21.02.2023)"
}


@online{GithubSecretScanning,
    author      = "Github",
    title       = "About code scanning",
    url         = "https://docs.github.com/en/enterprise-cloud@latest/code-security/secret-scanning/about-secret-scanning#about-secret-scanning",
    year        = "2023",
   addendum = "(Last accessed: 21.02.2023)"
}

@online{microsoftSDLCpractices,
    author      = "Microsoft",
    title       = "What are the Microsoft SDL practices?",
    url         = "https://www.microsoft.com/en-us/securityengineering/sdl/practices",
    year        = "2023",
   addendum = "(Last accessed: 22.02.2023)"
}


@online{whysectest,
    author      = "Ankit Pahuaja",
    title       = "What is Security Testing and Why is it important?",
    url         = "https://www.getastra.com/blog/security-audit/what-is-security-testing/",
    year        = "2022",
   addendum = "(Last accessed: 22.02.2023)"
}

@online{databreach,
    author      = "IBM",
    title       = "Cost of a Data Breach Report 2022",
    url         = "https://www.ibm.com/downloads/cas/3R8N1DZJ",
    year        = "2022",
   addendum = "(Last accessed: 22.02.2023)"
}

@online{securerequirements,
    author      = "Liav Caspi",
    title       = "A Complete Guide to the Secure Software Development Lifecycle (SDLC)",
    url         = "https://www.legitsecurity.com/blog/a-complete-guide-to-the-secure-software-development-lifecycle",
    year        = "2022",
   addendum = "(Last accessed: 22.02.2023)"
}

@online{fixvulnerability,
    author      = "Contributor",
    title       = "The Cost of Not Building with Security in Mind",
    url         = "https://devops.com/cost-not-building-software-security-mind",
    year        = "2016",
   addendum = "(Last accessed: 22.02.2023)"
}

@online{testlibaries,
    author      = "Snyk",
    title       = "7 Reasons to use an open source vulnerability scanner",
    url         = "https://snyk.io/series/open-source-security/open-source-vulnerability-scanners/",
    year        = "uknown",
   addendum = "(Last accessed: 22.02.2023)"
}


@online{difftesting,
    author      = "Lu Luo",
    title       = "Software Testing Techniques",
    url         = "https://ignite.org.pk/wp-content/uploads/2018/12/1388051766_rfp1_Software-testing-techniques.pdf",
    year        = "2001",
   addendum = "(Last accessed: 24.02.2023)"
}


@online{AWSLamda,
    author      = "Amazon Web services",
    title       = "What is AWS Lamda ",
    url         = "https://docs.aws.amazon.com/lambda/latest/dg/welcome.html",
    year        = "2023",
   addendum = "(Last accessed: 27.02.2023)"
}




@online{AWSCodePipeline,
    author      = "Sumo Logic",
    title       = "AWS CodePipeline - definition & overview ",
    url         = "https://www.sumologic.com/glossary/aws-codepipeline/",
    year        = "2023",
   addendum = "(Last accessed: 27.02.2023)"
}

@online{AWSCodePipeline1,
    author      = "Educative",
    title       = "What is AWS CodePipeline ",
    url         = "https://www.educative.io/answers/what-is-the-aws-codepipeline",
    year        = "2023",
   addendum = "(Last accessed: 27.02.2023)"
}

@online{unitvsintergration,
    author      = "Hanmeet Kaur Brar and Puneet Jai Kaur",
    title       = "Differentiating Integration Testing and unit testing",
    url         = "https://ieeexplore.ieee.org/abstract/document/7100358",
    year        = "2015",
   addendum = "(Last accessed: 27.02.2023)"
}


