@article{barsky2004oil,
  title={Oil and the macroeconomy since the 1970s},
  author={Barsky, Robert B and Kilian, Lutz},
  journal={Journal of Economic Perspectives},
  volume={18},
  number={4},
  pages={115--134},
  year={2004}
}